@InBook{Guide_To_Latex,
	author = {Helmut. KOPKA and Patrick W. DALY},
	title = {Guide to LaTeX},
	chapter = {Introduction},
	publisher = {Pearson Education},
	address = {London},
	year = {2003},
	edition = {4},
	ISBN = {03-2161-774-6},
}

@InBook{Struktura_Dokumentu,
	author = {Jiří RYBIČKA},
	title = {LaTeX pro začátečníky},
	chapter = {Základní informace},
	publisher = {Konvoj},
	address = {Brno},
	year = {2003},
	edition = {3},
	ISBN = {80-7302-049-1},
}

@Misc{Kottwitz,
	author = {Stefan KOTTWITZ},
	title = {LaTeX Beginners Guide},
	howpublished = {[online]},
	year = {rev. březen 2015},
	note = {[vid. 2021-04-16]},
	url = {https://cutt.ly/2vbiMYi},
}

@Misc{Indian,
	author = {Indian TEX Users Group},
	title = {LATEX Tutorials},
	howpublished = {[online]},
	year = {rev. září 2003},
	note = {[vid. 2021-04-16]},
	url = {https://www.tug.org/twg/mactex/tutorials/ltxprimer-1.0.pdf},
}

@Article{Olsak,
	author = {Petr OLŠÁK},
	title = {TeX pro pragmatiky},
	journal = {Zpravodaj Československého sdružení uživatelů TeXu},
	volume = {24},
	number = {1\,--\,4},
	pages = {29\,--\,45},
	year = {2014},
	ISSN = {1211-6661},
}

@Misc{Clark,
	author = {Jeff CLARK},
	title = {LaTeX Tutorial},
	howpublished = {[online]},
	year = {rev. 26. Únor 2002},
	note = {[vid. 2021-04-16]},
	url = {http://ece.uprm.edu/~caceros/latex/introduction.pdf},
}

@Article{Castro,
	author = {Nohe R. CAZAREZ-CASTRO and Luis T. AGUILAR and Oscar CASTILLO},
	title = {Designing Type-1 and Type-2 Fuzzy Logic Controllers via Fuzzy Lyapunov Synthesis for
		nonsmooth mechanical systems},
	journal = {Engineering Applications of Artificial Intelligence},
	volume = {25},
	number = {5},
	pages = {971\,--\,979},
	year = {2012},
	ISSN = {0952-1976},
}

@Article{Oksuz,
	author = {Ozcan OKSÜZ and Uğur GÜDÜKBAY and A. Enis ÇETIN},
	title = {A video-based text and equation editor for LaTeX},
	journal = {Engineering Applications of Artificial Intelligence},
	volume = {21},
	number = {6},
	pages = {952\,--\,960},
	year = {2008},
	ISSN = {0952-1976},
}

@MastersThesis{Bednar,
	author = {Peter BEDNÁR},
	title = {TVORBA PÍSMA OPENTYPE VOLNĚ DOSTUPNÝMI SOFTWAROVÝMI PROSTŘEDKY},
	school = {VYSOKÉ UČENÍ TECHNICKÉ V BRNĚ},
	year = {2011},
	type = {Bakalářská práce},
}

@MastersThesis{Bojko,
	author = {Pavel BOJKO},
	title = {Problematika sazby odborného textu v prostředí LATEX},
	school = {Jihočeská univerzita v Českých Budějovicích Přírodovědecká fakulta},
	year = {2011},
	type = {Bakalářská práce},
}
